@article{knuth1984,
  title={Literate Programming},
  author={Donald E. Knuth},
  journaltitle={The Computer Journal},
  volume={27},
  number={2},
  pages={97--111},
  year={1984},
  publisher={Oxford University Press}
}

@book{born1981,
  author        = {M. 玻恩},
  title         = {标题标题标题标题标题标题标题标题标题标题标题标题标题标题标题标题标题标题标题标题标题标题标题标题标题标题},
  mark*         = {M},
  edition       = {1},
  translator    = {彭石安},
  address       = {石家庄},
  publisher     = {河北人民出版社},
  year          = {1981},
  pages         = {2},
  language*     = {chinese}
}